<record><leader>00000cas a2200000 a 4500</leader><controlfield tag="001">34199459</controlfield><controlfield tag="008">960215d19671969fludn ne      0    0eng c</controlfield><datafield ind1=" " ind2=" " tag="010"><subfield code="a">sn 96027158 </subfield></datafield><datafield ind1=" " ind2=" " tag="040"><subfield code="a">FUG</subfield><subfield code="b">eng</subfield><subfield code="c">FUG</subfield><subfield code="d">OCLCQ</subfield><subfield code="d">OCLCF</subfield><subfield code="d">OCLCO</subfield></datafield><datafield ind1=" " ind2=" " tag="012"><subfield code="i">9602</subfield></datafield><datafield ind1="1" ind2=" " tag="029"><subfield code="a">AU@</subfield><subfield code="b">000025919311</subfield></datafield><datafield ind1=" " ind2=" " tag="042"><subfield code="a">pcc</subfield></datafield><datafield ind1=" " ind2=" " tag="043"><subfield code="a">n-us-fl</subfield></datafield><datafield ind1="0" ind2=" " tag="130"><subfield code="a">Evening tribune (Cocoa, Fla.)</subfield></datafield><datafield ind1="1" ind2="4" tag="245"><subfield code="a">The evening tribune.</subfield></datafield><datafield ind1=" " ind2=" " tag="260"><subfield code="a">Cocoa, Fla. :</subfield><subfield code="b">Gannett Florida Corp.,</subfield><subfield code="c">1967-1969.</subfield></datafield><datafield ind1=" " ind2=" " tag="300"><subfield code="a">v.</subfield></datafield><datafield ind1=" " ind2=" " tag="310"><subfield code="a">Daily (Monday through Friday)</subfield></datafield><datafield ind1="0" ind2=" " tag="362"><subfield code="a">Vol. 50, no. 74 (July 7, 1967)- ; -52nd year, no. 195 (Dec. 26, 1969).</subfield></datafield><datafield ind1=" " ind2="0" tag="651"><subfield code="a">Cocoa (Fla.)</subfield><subfield code="v">Newspapers.</subfield></datafield><datafield ind1=" " ind2="0" tag="651"><subfield code="a">Brevard County (Fla.)</subfield><subfield code="v">Newspapers.</subfield></datafield><datafield ind1=" " ind2="7" tag="655"><subfield code="a">Newspapers.</subfield><subfield code="2">fast</subfield><subfield code="0">(OCoLC)fst01423814</subfield></datafield><datafield ind1=" " ind2="7" tag="651"><subfield code="a">Florida</subfield><subfield code="z">Brevard County.</subfield><subfield code="2">fast</subfield><subfield code="0">(OCoLC)fst01212300</subfield></datafield><datafield ind1=" " ind2="7" tag="651"><subfield code="a">Florida</subfield><subfield code="z">Cocoa.</subfield><subfield code="2">fast</subfield><subfield code="0">(OCoLC)fst01216526</subfield></datafield><datafield ind1=" " ind2=" " tag="752"><subfield code="a">United States</subfield><subfield code="b">Florida</subfield><subfield code="c">Brevard</subfield><subfield code="d">Cocoa.</subfield></datafield><datafield ind1="0" ind2="0" tag="780"><subfield code="t">Cocoa tribune</subfield><subfield code="w">(DLC)sn 96027157</subfield><subfield code="w">(OCoLC)34194458</subfield></datafield><datafield ind1="0" ind2="4" tag="785"><subfield code="t">Today (Cocoa, Fla.)</subfield><subfield code="w">(DLC)sn 95071259</subfield><subfield code="w">(OCoLC)32732811</subfield></datafield><datafield ind1=" " ind2=" " tag="850"><subfield code="a">FU</subfield></datafield></record>